@book{Douglass:1997:RUD:522584,
 author = {Douglass, Bruce Powell},
 title = {Real-Time UML: Developing Efficient Objects for Embedded Systems},
 year = {1997},
 isbn = {0201325799},
 publisher = {Addison-Wesley Longman Publishing Co., Inc.},
 address = {Boston, MA, USA},
} 


@book{Gomaa:2011:SMD:1972546,
 author = {Gomaa, Hassan},
 title = {Software Modeling and Design: UML, Use Cases, Patterns, and Software Architectures},
 year = {2011},
 isbn = {0521764149, 9780521764148},
 edition = {1st},
 publisher = {Cambridge University Press},
 address = {New York, NY, USA},
} 


@book{Rumbaugh:2004:UML:993859,
 author = {Rumbaugh, James and Jacobson, Ivar and Booch, Grady},
 title = {Unified Modeling Language Reference Manual, The (2Nd Edition)},
 year = {2004},
 isbn = {0321245628},
 publisher = {Pearson Higher Education},
} 


@incollection{devsbook,
year={2012},
isbn={978-3-658-00396-8},
booktitle={SynDEVS Co-Design Flow},
doi={10.1007/978-3-658-00397-5_2},
title={Discrete Event System Specification},
url={http://dx.doi.org/10.1007/978-3-658-00397-5_2},
publisher={Springer Fachmedien Wiesbaden},
author={Molter, H. Gregor},
pages={9-42},
language={English}
}


@book{zeigler2000theory,
  title={Theory of Modeling and Simulation: Integrating Discrete Event and Continuous Complex Dynamic Systems},
  author={Zeigler, B.P. and Praehofer, H. and Kim, T.G.},
  isbn={9780127784557},
  lccn={99064635},
  url={http://books.google.com.uy/books?id=REzmYOQmHuQC},
  year={2000},
  publisher={Academic Press}
}



@article{MCF03,
  author    = {Stephen J. Mellor and
               Anthony N. Clark and
               Takao Futagami},
  title     = {Guest Editors' Introduction: Model-Driven Development},
  journal   = {IEEE Software},
  volume    = {20},
  number    = {5},
  year      = {2003},
  pages     = {14-18},
  ee        = {http://doi.ieeecomputersociety.org/10.1109/MS.2003.1231145},
  bibsource = {DBLP, http://dblp.uni-trier.de}
}


@techreport{MM03,
  added-at = {2006-12-19T19:26:14.000+0100},
  author = {Miller, J. and Mukerji, J.},
  biburl = {http://www.bibsonomy.org/bibtex/2261498b1153487382fb674477daee2b5/mstrohm},
  institution = {Object Management Group (OMG)},
  interhash = {890a96e9be85a6983406e9abdf691a7b},
  intrahash = {261498b1153487382fb674477daee2b5},
  keywords = {architecture model-driven},
  timestamp = {2006-12-19T19:26:14.000+0100},
  title = {MDA Guide Version 1.0.1},
  year = 2003
}

@standard{OMG,
  groups = {public},
    institution = {Object Management Group},
  title = {Object Management Group},
  url = {http://www.omg.org},
  year = {Last access: May 2015},
}


@standard{OMG04,
  added-at = {2013-02-22T22:42:17.000+0100},
  biburl = {http://www.bibsonomy.org/bibtex/2318ba81f4fb196c34b21d95b32e2d8ae/porta},
  file = {omg2011umls.pdf:omg2011umls.pdf:PDF},
  groups = {public},
  institution = {Object Management Group},
  interhash = {96958bd679d0b3abd69b7dcf44bf5d35},
  intrahash = {318ba81f4fb196c34b21d95b32e2d8ae},
  keywords = {omg standard uml},
  organization = {Object Management Group},
  revision = {2.4.1},
  timestamp = {2013-02-22T22:42:17.000+0100},
  title = {OMG Unified Modeling Language (OMG UML), Superstructure, Version 2.4.1},
  url = {http://www.omg.org/spec/UML/2.4.1},
  username = {porta},
  year = 2011
}


@standard{QVT11,
  added-at = {2013-02-27T23:16:13.000+0100},
  author = {OMG},
  biburl = {http://www.bibsonomy.org/bibtex/29098907fe6e4ccacef8c654a2ec331f5/porta},
  file = {omg2011qvt.pdf:omg2011qvt.pdf:PDF},
  groups = {public},
  institution = {Object Management Group},
  interhash = {cf43271e2965affa6fb1e0681ce825ac},
  intrahash = {9098907fe6e4ccacef8c654a2ec331f5},
  keywords = {mof omg qvt standard},
  organization = {Object Management Group},
  revision = {1.1},
  timestamp = {2013-02-27T23:16:13.000+0100},
  title = {Meta Object Facility (MOF) 2.0 Query/View/Transformation Specification, Version 1.1},
  url = {http://www.omg.org/spec/QVT/1.1/},
  username = {porta},
  year = 2011
}



@book{EMF10,
 author = {Steinberg, David and Budinsky, Frank and Paternostro, Marcelo and Merks, Ed},
 title = {EMF: Eclipse Modeling Framework 2.0},
 year = {2009},
 isbn = {0321331885},
 edition = {2nd},
 publisher = {Addison-Wesley Professional},
} 

@standard{MOF11,
  added-at = {2013-02-22T22:42:18.000+0100},
  biburl = {http://www.bibsonomy.org/bibtex/247e1f6f06189ec100523e3300e7f09ee/porta},
  file = {omg2011mof.pdf:omg2011mof.pdf:PDF},
  groups = {public},
  institution = {Object Management Group},
  interhash = {b41fc7bfeea8f2d3fd2ebff5a9e35754},
  intrahash = {47e1f6f06189ec100523e3300e7f09ee},
  keywords = {omg standard mof},
  organization = {Object Management Group},
  revision = {2.4.1},
  timestamp = {2013-02-22T22:42:18.000+0100},
  title = {{OMG Meta Object Facility (MOF) Core Specification, Version 2.4.1}},
  url = {http://www.omg.org/spec/MOF/2.4.1},
  username = {porta},
  year = 2011
}


@Manual{ECORE12,
 title = {Ecore metamodel specification},
  organization = {Object Management Group},
 year = {Last access: May 2015},
 url = {http://download.eclipse.org/modeling/emf/emf/javadoc/2.9.0/org/eclipse/emf/ecore/package-summary.html},
}


%-------------

@book{ZKP00,
 author = {Zeigler, Bernard P. and Kim, Tag Gon and Praehofer, Herbert},
 title = {Theory of Modeling and Simulation},
 year = {2000},
 isbn = {0127784551},
 edition = {2nd},
 publisher = {Academic Press, Inc.},
 address = {Orlando, FL, USA},
} 

@inproceedings{ZV93,
 author = {Zeigler, Bernard P. and Vahie, Sankait},
 title = {DEVS Formalism and Methodology: Unity of Conception/Diversity of Application},
 booktitle = {Proceedings of the 25th Conference on Winter Simulation},
 series = {WSC '93},
 year = {1993},
 isbn = {0-7803-1381-X},
 location = {Los Angeles, California, USA},
 pages = {573--579},
 numpages = {7},
 url = {http://doi.acm.org/10.1145/256563.256724},
 doi = {10.1145/256563.256724},
 acmid = {256724},
 publisher = {ACM},
 address = {New York, NY, USA},
} 


@inproceedings{Eudevs2,
	Author = {Bendre, S. and Sarjoughian, H. S.},
	Booktitle = {Advanced Simulation Technology Conference},
	Pages = {23-28},
	Title = {Discrete-Event Behavioral Modeling in SESM: Software Design and Implementation},
	Year = {2005}
}


@inproceedings{FromUML13,
	Author = {Vladimir, Petr Pol\'asek and Pavel Slav\'icek},
	Booktitle = {Industrial Simulation Conference},
	Pages = {69-73},
	Title = {Towards DEVS Meta Language},
	year = {2006}
}


@inproceedings{MRZ07,
 author = {Mittal, Saurabh and Risco-Mart\'{\i}n, Jos{\'e} Luis and Zeigler, Bernard P.},
 title = {DEVSML: Automating DEVS Execution over SOA Towards Transparent Simulators},
 booktitle = {Proceedings of the 2007 Spring Simulation Multiconference - Volume 2},
 series = {SpringSim '07},
 year = {2007},
 isbn = {1-56555-313-6},
 location = {Norfolk, Virginia},
 pages = {287--295},
 numpages = {9},
 url = {http://dl.acm.org/citation.cfm?id=1404680.1404725},
 acmid = {1404725},
 publisher = {Society for Computer Simulation International},
 address = {San Diego, CA, USA},
 keywords = {DEVSML, JavaML, SOA, web services},
} 

@article{BG00,
  added-at = {2003-11-27T00:00:00.000+0100},
  author = {Badros, Greg J.},
  biburl = {http://www.bibsonomy.org/bibtex/257ee296cef7feedcd0fea5c92e0d22c8/dblp},
  date = {2003-11-27},
  description = {dblp},
  ee = {http://dx.doi.org/10.1016/S1389-1286(00)00037-2},
  interhash = {4ef5c636a05a315a40a71f1fb84a56af},
  intrahash = {57ee296cef7feedcd0fea5c92e0d22c8},
  journal = {Computer Networks},
  keywords = {dblp},
  number = {1-6},
  pages = {159-177},
  timestamp = {2003-11-27T00:00:00.000+0100},
  title = {JavaML: a markup language for Java source code.},
  url = {http://dblp.uni-trier.de/db/journals/cn/cn33.html#Badros00},
  volume = 33,
  year = 2000
}


@inproceedings{LaraV02,
  added-at = {2002-08-05T00:00:00.000+0200},
  author = {de Lara, Juan and Vangheluwe, Hans},
  biburl = {http://www.bibsonomy.org/bibtex/2fb40c8ee4c582f12188cd84eda03a0fb/dblp},
  booktitle = {ICEIS},
  date = {2002-08-05},
  description = {dblp},
  interhash = {e5d44d947d02d14f5f839ed510fa9a0c},
  intrahash = {fb40c8ee4c582f12188cd84eda03a0fb},
  keywords = {dblp},
  pages = {642-649},
  timestamp = {2002-08-05T00:00:00.000+0200},
  title = {Using AToM3 as a Meta-Case Tool.},
  url = {http://dblp.uni-trier.de/db/conf/iceis/iceis2002.html#LaraV02},
  year = 2002
}

@inproceedings{ChoiJKBL06,
  author    = {KeungSik Choi and
               SungChul Jung and
               HyunJung Kim and
               Doo-Hwan Bae and
               DongHun Lee},
  title     = {UML-based Modeling and Simulation Method for Mission-Critical
               Real-Time Embedded System Development},
  booktitle = {IASTED Conf. on Software Engineering},
  year      = {2006},
  pages     = {160-165},
  crossref  = {DBLP:conf/iastedSE/2006},
  bibsource = {DBLP, http://dblp.uni-trier.de}
}

@proceedings{DBLP:conf/iastedSE/2006,
  editor    = {Peter Kokol},
  title     = {Proceedings of the IASTED International Conference on Software
               Engineering, February 14-16, 2006, Innsbruck, Austria},
  booktitle = {IASTED Conf. on Software Engineering},
  publisher = {IASTED/ACTA Press},
  year      = {2006},
  isbn      = {0-88986-574-4},
  bibsource = {DBLP, http://dblp.uni-trier.de}
}


@inproceedings{CF-77, 
author = {Su Youn Hong and Tag Gon Kim}, 
title= {Embedding UML Subset into Object-oriented DEVS Modeling Process},
booktitle = {Society of Modeling and Computer Simulation International},
pages= {161 - 166},
year= 2004,
}


@article{Z05,
  author    = {Dmitry Zinoviev},
  title     = {Mapping {DEVS} Models onto {UML} Models},
  journal   = {CoRR},
  volume    = {abs/cs/0508128},
  year      = {2005},
  url       = {http://arxiv.org/abs/cs/0508128},
  timestamp = {Wed, 10 Oct 2012 21:28:56 +0200},
  biburl    = {http://dblp.uni-trier.de/rec/bib/journals/corr/abs-cs-0508128},
  bibsource = {dblp computer science bibliography, http://dblp.org}
}



@inproceedings{HuangS04,
  author    = {Dongping Huang and
               Hessam S. Sarjoughian},
  title     = {Software and Simulation Modeling for Real-Time Software-Intensive
               Systems},
  booktitle = {DS-RT},
  year      = {2004},
  pages     = {196-203},
  ee        = {http://doi.ieeecomputersociety.org/10.1109/DS-RT.2004.37},
  crossref  = {DBLP:conf/dsrt/2004},
  bibsource = {DBLP, http://dblp.uni-trier.de}
}

@proceedings{DBLP:conf/dsrt/2004,
  title     = {8th IEEE International Symposium on Distributed Simulation
               and Real-Time Applications (DS-RT 2004), 21-23 October 2004,
               Budapest, Hungary},
  booktitle = {DS-RT},
  publisher = {IEEE Computer Society},
  year      = {2004},
  isbn      = {0-7695-2232-7},
  bibsource = {DBLP, http://dblp.uni-trier.de}
}




%NO  citado, habria que leerlo
@book{borland2004transforming,
  title={Transforming Statechart Models to DEVS},
  author={Borland, S.},
  url={http://books.google.com.ar/books?id=M2v7SgAACAAJ},
  year={2004},
  publisher={McGill University}
}


% no citada clei 2014
@inproceedings{conf/serp/ChaneGP04,
  added-at = {2004-11-19T00:00:00.000+0100},
  author = {Châne, Frédéric and Giambiasi, Norbert and Paillet, Jean-Luc},
  biburl = {http://www.bibsonomy.org/bibtex/2d6fe816e8da45ef199c1133478cfa392/dblp},
  booktitle = {Software Engineering Research and Practice},
  crossref = {conf/serp/2004-2},
  date = {2004-11-19},
  description = {dblp},
  editor = {Arabnia, Hamid R. and Reza, Hassan},
  interhash = {fd5a6afdda75da3b4608b3e5f654c644},
  intrahash = {d6fe816e8da45ef199c1133478cfa392},
  isbn = {1-932415-29-7},
  keywords = {dblp},
  pages = {498-504},
  publisher = {CSREA Press},
  timestamp = {2004-11-19T00:00:00.000+0100},
  title = {From DEVS Model to Timed Automata.},
  url = {http://dblp.uni-trier.de/db/conf/serp/serp2004-2.html#ChaneGP04},
  year = 2004
}


@inproceedings{SchulzER00,
  author    = {Stephan Schulz,  and
               T. Ewing , and 
               Jerzy Rozenblit},
  title     = {Discrete Event System Specification (DEVS) and StateMate
               StateCharts Equivalence for Embedded Systems Modeling},
  booktitle = {ECBS},
  year      = {2000},
  pages     = {308},
  ee        = {http://doi.ieeecomputersociety.org/10.1109/ECBS.2000.839890},
  crossref  = {DBLP:conf/ecbs/2000},
  bibsource = {DBLP, http://dblp.uni-trier.de}
}

@proceedings{DBLP:conf/ecbs/2000,
  title     = {7th IEEE International Symposium on Engineering of Computer-Based
               Systems (ECBS 2000), 3-7 April 2000, Edinburgh, Scotland,
               UK},
  booktitle = {ECBS},
  publisher = {IEEE Computer Society},
  year      = {2000},
  isbn      = {0-7695-0604-6},
  bibsource = {DBLP, http://dblp.uni-trier.de}
}



% No citado clei 2014
@book{HP98,
 author = {Harel, David and Politi, Michal},
 title = {Modeling Reactive Systems with Statecharts: The Statemate Approach},
 year = {1998},
 isbn = {0070262055},
 edition = {1st},
 publisher = {McGraw-Hill, Inc.},	
 address = {New York, NY, USA},
} 

@inproceedings{TM04,
    author = {Andreas Tolk and James A. Muguira},
    title = {M\&S within the Model Driven Architecture},
    booktitle = {Interservice/Industry Training, Simulation, and Education Conference},
    year = {2004},
    publisher = {}
}



@article{RCMZ09,
  added-at = {2011-04-21T00:00:00.000+0200},
  author = {Risco-Martín, José L. and de la Cruz, Jesús Manuel and Mittal, Saurabh and Zeigler, Bernard P.},
  biburl = {http://www.bibsonomy.org/bibtex/286edd3328dbebbd611d6db94215bb58e/dblp},
  ee = {http://dx.doi.org/10.1177/0037549709104727},
  interhash = {8ba6eface47a0562c08b776b7a14cec7},
  intrahash = {86edd3328dbebbd611d6db94215bb58e},
  journal = {Simulation},
  keywords = {dblp},
  number = {11-12},
  pages = {750-777},
  timestamp = {2011-04-21T00:00:00.000+0200},
  title = {eUDEVS: Executable UML with DEVS Theory of Modeling and Simulation.},
  url = {http://dblp.uni-trier.de/db/journals/simulation/simulation85.html#Risco-MartinCMZ09},
  volume = 85,
  year = 2009
}

% Eudevs20
@article{citeulike:6389606,
    author = {Mittal, Saurabh},
    citeulike-article-id = {6389606},
    citeulike-linkout-0 = {http://dx.doi.org/10.1177/875647930600300204},
    citeulike-linkout-1 = {http://dms.sagepub.com/cgi/content/abstract/3/2/95},
    day = {1},
    doi = {10.1177/875647930600300204},
    journal = {The Journal of Defense Modeling and Simulation: Applications, Methodology, Technology},
    month = apr,
    number = {2},
    pages = {95--123},
    posted-at = {2009-12-16 20:41:05},
    priority = {2},
    title = {Extending {DoDAF} to Allow Integrated {DEVS}-Based Modeling and Simulation},
    url = {http://dx.doi.org/10.1177/875647930600300204},
    volume = {3},
    year = {2006}
}


@standard{MZH,
 author ={S. Mittal, and B. Zeigler, and M. Hwang},
 title = {W3C XML Schema for Finite Deterministic (FD) DEVS Models},
 year = {Last access: May 2015},
 url = {http://www.saurabh-mittal.com/fddevs/},
}

% No citado clei 2014
@standard{barnett2014scxml,
  added-at = {2014-03-27T15:40:43.000+0100},
  author = {Barnett, Jim and Akolkar, Rahul and Auburn, RJ and Bodell, Michael and Burnett, Daniel C. and Carter, Jerry and McGlashan, Scott and Lager, Torbjörn and Helbing, Mark and Hosn, Rafah and Raman, T.V. and Reifenrath, Klaus and Rosenthal, No'am and Roxendal, Johan},
  biburl = {http://www.bibsonomy.org/bibtex/2e401cd84192bf8960a40925bea6d12e3/porta},
  day = 13,
  interhash = {ac43106dd9d0536df6a1bf701367eab8},
  intrahash = {e401cd84192bf8960a40925bea6d12e3},
  keywords = {chart scxml standard state w3c xml},
  month = mar,
  organization = {World Wide Web Consortium (W3C)},
  timestamp = {2014-03-27T15:40:43.000+0100},
  title = {State Chart XML (SCXML): State Machine Notation for Control Abstraction - W3C Candidate Recommendation 13 March 2014},
  url = {http://www.w3.org/TR/scxml/},
  year = 2014
}

% NO citado clei 2014
@inproceedings{conf/springsim/MittalRZ07,
  added-at = {2012-12-10T00:00:00.000+0100},
  author = {Mittal, Saurabh and Risco-Martín, José Luis and Zeigler, Bernard P.},
  biburl = {http://www.bibsonomy.org/bibtex/29dcba60492ec9cf5a533d20e83da1a47/dblp},
  booktitle = {SpringSim (2)},
  crossref = {conf/springsim/2007-2},
  editor = {Ades, Maurice J.},
  ee = {http://dl.acm.org/citation.cfm?id=1404680.1404725},
  interhash = {e54df2e92d616258d0f409c75f8286c9},
  intrahash = {9dcba60492ec9cf5a533d20e83da1a47},
  isbn = {1-56555-313-6},
  keywords = {dblp},
  pages = {287-295},
  publisher = {SCS/ACM},
  timestamp = {2012-12-10T00:00:00.000+0100},
  title = {DEVSML: automating DEVS execution over SOA towards transparent simulators.},
  url = {http://dblp.uni-trier.de/db/conf/springsim/springsim2007-2.html#MittalRZ07},
  year = 2007
}

@article{DJ00,
  title={Introduction to DEVS modeling and simulation with JAVA: A simplified approach to HLA-compliant distributed simulations},
  author={Zeigler, Berhard P and Sarjoughian, Hessam},
  journal={Arizona Center for Integrative Modeling and Simulation},
  year={2000}
}


%Powerdevs
@article{BK11,
 author = {Bergero, Federico and Kofman, Ernesto},
 title = {PowerDEVS: A Tool for Hybrid System Modeling and Real-time Simulation},
 journal = {Simulation},
 issue_date = {January   2011},
 volume = {87},
 number = {1-2},
 month = jan,
 year = {2011},
 issn = {0037-5497},
 pages = {113--132},
 numpages = {20},
 url = {http://dx.doi.org/10.1177/0037549710368029},
 doi = {10.1177/0037549710368029},
 acmid = {1899679},
 publisher = {Society for Computer Simulation International},
 address = {San Diego, CA, USA},
 keywords = {discrete event system specification (DEVS), hybrid systems, real-time simulation, simulation software},
} 

@Manual{DEVSim++ ,
 author ={Tag Gon Kim},
 title = {DEVSim++ User’s Manual. C++ Based Simulation with
Hierarchical Modular DEVS Models},
 year = {1994},
 organization = {Korea Advance Institute of Science
and Technology},
}

@Manual{DEVSC++ ,
 author ={Hyup Cho and Young Cho},
 title = {DEVS–C++ Reference Guide},
 year = {1997},
 organization = {The University of Arizona},
}

@article{CD++02,
 author = {Wainer, Gabriel},
 title = {CD++: A Toolkit to Develop DEVS Models},
 journal = {Softw. Pract. Exper.},
 issue_date = {10 November 2002},
 volume = {32},
 number = {13},
 year = {2002},
 issn = {0038-0644},
 pages = {1261--1306},
 numpages = {46},
 url = {http://dx.doi.org/10.1002/spe.482},
 doi = {10.1002/spe.482},
 acmid = {606919},
 publisher = {John Wiley \& Sons, Inc.},
 address = {New York, NY, USA},
 keywords = {Cell-DEVS, DEVS formalism, discrete event modeling and simulation, modeling and simulation tools, modeling methodologies},
} 

@Manual{Saxon ,
 author ={Michael Kay},
 title = {SAXON. The XSLT and XQuery Processor},
 year = {Last access: May 2015},
 organization = {Saxonica},
 url = {http://saxon.sourceforge.net},
}

@inproceedings{JDEVS04,
   author              = {Jean-Baptiste Filippi and Paul Bisgambiglia},
   title               = {JDEVS: an implementation of a DEVS based formal framework for environmental modelling},
   booktitle             = {Environmental Modelling and Software},
   year                = {2004},
   pages               = {261-274},
   ee                  = {http://dx.doi.org/10.1016/j.envsoft.2003.08.016},
}



%---------------------------------------------------------------

% vdB02
@article{vdB02,
  added-at = {2009-03-10T04:52:20.000+0100},
  author = {von der Beeck, Michael},
  biburl = {http://www.bibsonomy.org/bibtex/28ef8d2c40c06d5d4e7347a000608679b/leonardo},
  citeulike-article-id = {887430},
  doi = {http://dx.doi.org/10.1007/s10270-002-0012-8},
  interhash = {1adc872070f868ae40db5d56d4de9343},
  intrahash = {8ef8d2c40c06d5d4e7347a000608679b},
  journal = {Software and Systems Modeling},
  keywords = {semantics 2002 \_folder\_3 \_hardcopy statecharts operational \_pdf uml sos},
  month = {December},
  number = 2,
  pages = {130--141},
  posted-at = {2006-10-06 19:17:58},
  priority = {4},
  timestamp = {2009-03-10T04:52:20.000+0100},
  title = {A structured operational semantics for UML-statecharts},
  url = {http://dx.doi.org/10.1007/s10270-002-0012-8},
  volume = {V1},
  year = 2002
}

%NO utilizado paper clei 2014
@article{journals/sosym/JinEJ04,
  added-at = {2011-06-03T00:00:00.000+0200},
  author = {Jin, Yan and Esser, Robert and Janneck, Jörn W.},
  biburl = {http://www.bibsonomy.org/bibtex/2fe705a7d88bd4128d42d4dc3cce8ef62/dblp},
  ee = {http://dx.doi.org/10.1007/s10270-003-0046-6},
  interhash = {3e27a3d068cb9538518b5db0e86c0e9e},
  intrahash = {fe705a7d88bd4128d42d4dc3cce8ef62},
  journal = {Software and System Modeling},
  keywords = {dblp},
  number = 2,
  pages = {150-163},
  timestamp = {2011-06-03T00:00:00.000+0200},
  title = {A method for describing the syntax and semantics of UML statecharts.},
  url = {http://dblp.uni-trier.de/db/journals/sosym/sosym3.html#JinEJ04},
  volume = 3,
  year = 2004
}

%NO utilizado paper clei 2014
@inproceedings{latella_99_towards,
  abstract = {Statechart Diagrams are a notation for describing behaviours in the framework of UML, the Unified Modeling Language of objectoriented systems. UML is a semiformal language, with a precisely defined syntax and static semantics but with an only informally specified dynamic semantics. UMLStatechart Diagrams differ fromclassical statecharts, as defined by Harel, for which formalizations and results are available in the literature. This paper sets the basis for the development of a formal semantics for UML Statechart Diagrams based on Kripke structures. This forms the first step towards model checking of UML Statechart Diagrams. We follow the approach proposed by Mikk and others: we first map Statechart Diagrams to the intermediate format of extended hierarchical automata and then we define an operational semantics for these automata. We prove a number of properties of such semantics which reflect the design choices of UML Statechart Diagrams.},
  added-at = {2009-02-12T11:15:04.000+0100},
  address = {Deventer, The Netherlands, The Netherlands},
  author = {Latella, Diego and Majzik, Istvan and Massink, Mieke},
  biburl = {http://www.bibsonomy.org/bibtex/220e48e18a5ab1da74555203d7d349cc5/leonardo},
  booktitle = {Proceedings of the IFIP TC6/WG6.1 Third International Conference on Formal Methods for Open Object-Based Distributed Systems (FMOODS)},
  citeulike-article-id = {574793},
  interhash = {d592ea558cdc3846e821a5c387a15715},
  intrahash = {20e48e18a5ab1da74555203d7d349cc5},
  isbn = {0792384296},
  keywords = {semantics statecharts 1999 uml},
  posted-at = {2006-04-03 17:44:28},
  priority = {2},
  publisher = {Kluwer, B.V.},
  timestamp = {2009-02-12T11:15:04.000+0100},
  title = {Towards a Formal Operational Semantics of UML Statechart Diagrams},
  url = {http://portal.acm.org/citation.cfm?id=646816.708760},
  year = 1999
}


@article{Har87,
 author = {Harel, David},
 title = {Statecharts:  A Visual Formalism for Complex Systems},
 journal = {Sci. Comput. Program.},
 volume = {8},
 number = {3},
 year = {1987},
 issn = {0167-6423},
 pages = {231--274},
 numpages = {44},
 doi = {10.1016/0167-6423(87)90035-9},
 acmid = {34886},
 publisher = {Elsevier North-Holland, Inc.},
 address = {Amsterdam, The Netherlands, The Netherlands},
} 



@article{WA04,
 author = {Wasowski, Andrzej},
 title = {Flattening Statecharts Without Explosions},
 journal = {SIGPLAN Not.},
 issue_date = {July 2004},
 volume = {39},
 number = {7},
 month = jun,
 year = {2004},
 issn = {0362-1340},
 pages = {257--266},
 numpages = {10},
 url = {http://doi.acm.org/10.1145/998300.997200},
 doi = {10.1145/998300.997200},
 acmid = {997200},
 publisher = {ACM},
 address = {New York, NY, USA},
 keywords = {automatic code generation, embedded, program synthesis, semantics, statecharts},
}

%-----------------------------------------------------------------

@Manual{Poseidon,
  groups = {public},
  title = {Poseidon for UML},
  url = {http://www.gentleware.com/new-poseidon-for-uml-8-0.html},
  year = {Last access: May 2015},
}

@Manual{MED11,
 title = {Medini QVT},
 year = {Last access: May 2015},
 organization = {ikv++ Technologies},
 url = {http://www.ikv.de/},
}

@Manual{IBM,
  title = {IBM Rational Rose},
   organization = {IBM},
  url = {http://www.ibm.com/developerworks/rational/products/rose},
  year = {Last access: May 2015},
}


@Manual{ATL,
  groups = {public},
  title = {ATL Transformation Language},
  url = {http://www.eclipse.org/atl},
  year = {Last access: May 2015},
}

@Manual{MOLA,
  groups = {public},
  title = {MOLA Tool Architecture},
  url = {http://mola.mii.lu.lv},
  year = {Last access: May 2015},
}



%--------------------------------------

%MDD
@article{MCF03bis,
 author = {Selic, Bran},
 title = {The Pragmatics of Model-Driven Development},
 journal = {IEEE Softw.},
 volume = {20},
 number = {5},
 year = {2003},
 issn = {0740-7459},
 pages = {19--25},
 numpages = {7},
 doi = {10.1109/MS.2003.1231146},
 acmid = {942714},
 publisher = {IEEE Computer Society Press},
 address = {Los Alamitos, CA, USA},
} 

@book{MCF03bisbis,
 author = {Stahl, Thomas and Voelter, Markus and Czarnecki, Krzysztof},
 title = {Model-Driven Software Development: Technology, Engineering, Management},
 year = {2006},
 isbn = {0470025700},
 publisher = {John Wiley \& Sons},
} 




%Lineas de Productos

@book{CN02,
  abstract = {(...) In providing a comprehensive set of practices
		 and patterns, this book defines and explores the key
		 activities for software product line development and
		 explains specific practice areas in engineering,
		 technical management, and organizational management.
		 (...)},
  added-at = {2008-09-15T11:42:14.000+0200},
  author = {Clements, Paul and Northrop, Linda},
  available = {1},
  biburl = {http://www.bibsonomy.org/bibtex/218cfb5d792f79120506c1d5440baad7a/ist\_spl},
  category = {General},
  description = {Computer Science Bibliography Collection},
  interhash = {cd614386b56e1a8c1d8db57c1a505411},
  intrahash = {18cfb5d792f79120506c1d5440baad7a},
  keywords = {fundamentals line product},
  newinversion = {2.19},
  publisher = {Addison-Wesley},
  series = {SEI Series in Software Engineering},
  timestamp = {2008-09-15T11:42:14.000+0200},
  title = {Software Product Lines: Practices and Patterns},
  year = 2001
}


@book{CE00,
  author    = {Krzysztof Czarnecki and
               Ulrich W. Eisenecker},
  title     = {Generative programming - methods, tools and applications},
  publisher = {Addison-Wesley},
  year      = {2000},
  isbn      = {978-0-201-30977-5},
  pages     = {I-XXVI, 1-832},
  ee        = {http://www.addison-wesley.de/main/main.asp?page=englisch/bookdetails{\&}productid=99258},
  bibsource = {DBLP, http://dblp.uni-trier.de}
}


@book{PBVL05,
 author = {Pohl, Klaus and B\"{o}ckle, G\"{u}nter and Linden, Frank J. van der},
 title = {Software Product Line Engineering: Foundations, Principles and Techniques},
 year = {2005},
 isbn = {3540243720},
 publisher = {Springer-Verlag New York, Inc.},
 address = {Secaucus, NJ, USA},
} 

@inbook {GV09,
	title = {Aspect-Oriented Model-Driven Software Product Line Engineering},
	booktitle = {Transactions on Aspect-Oriented Software Development, VI},
	volume = {5560},
	year = {2009},
	pages = {111-152},
	publisher = {Springer Berlin / Heidelberg},
	organization = {Springer Berlin / Heidelberg},
	abstract = {Software product line engineering aims to reduce develop- ment time, effort, cost, and complexity by taking advantage of the com- monality within a portfolio of similar products. The effectiveness of a software product line approach directly depends on how well feature variability within the portfolio is implemented and managed through- out the development lifecycle, from early analysis through maintenance and evolution. This article presents an approach that facilitates vari- ability implementation, management, and tracing by integrating model- driven and aspect-oriented software development. Features are separated in models and composed by aspect-oriented composition techniques on model level. Model transformations support the transition from problem to solution space models. Aspect-oriented techniques enable the explicit expression and modularization of variability on model, template, and code level. The presented concepts are illustrated with a case study of a home automation system.},
	isbn = {978-3-642-03763-4},
	author = {Groher, Iris and Voelter, Markus}
}

@article{CGW06,
  author    = {Mar\'{\i}a Victoria Cengarle and
               Peter Graubmann and
               Stefan Wagner},
  title     = {Semantics of UML 2.0 Interactions with Variabilities},
  journal   = {Electr. Notes Theor. Comput. Sci.},
  volume    = {160},
  year      = {2006},
  pages     = {141-155},
  ee        = {http://dx.doi.org/10.1016/j.entcs.2006.05.020},
  bibsource = {DBLP, http://dblp.uni-trier.de}
}

%  crossref  = {DBLP:conf/icsr/2006},
@inproceedings{Gom04,
  author    = {Hassan Gomaa},
  title     = {Designing Software Product Lines with UML 2.0: From Use
               Cases to Pattern-Based Software Architectures},
  booktitle = {ICSR},
  year      = {2006},
  pages     = {440},
  ee        = {http://dx.doi.org/10.1007/11763864\_45},
  bibsource = {DBLP, http://dblp.uni-trier.de}
}

@proceedings{DBLP:conf/icsr/2006,
  editor    = {Maurizio Morisio},
  title     = {Reuse of Off-the-Shelf Components, 9th International Conference
               on Software Reuse, ICSR 2006, Turin, Italy, June 12-15,
               2006, Proceedings},
  booktitle = {ICSR},
  publisher = {Springer},
  series    = {Lecture Notes in Computer Science},
  volume    = {4039},
  year      = {2006},
  isbn      = {3-540-34606-6},
  bibsource = {DBLP, http://dblp.uni-trier.de}
}

%  crossref  = {DBLP:conf/vamos/2008},
@inproceedings{SV08,
  author    = {Nora Szasz and
               Pedro Vilanova},
  title     = {Statecharts and Variabilities},
  booktitle = {VaMoS},
  year      = {2008},
  pages     = {131-140},
  ee        = {http://www.vamos-workshop.net/proceedings/VaMoS\_2008\_Proceedings.pdf},
  bibsource = {DBLP, http://dblp.uni-trier.de}
}

@proceedings{DBLP:conf/vamos/2008,
  editor    = {Patrick Heymans and
               Kyo Chul Kang and
               Andreas Metzger and
               Klaus Pohl},
  title     = {Second International Workshop on Variability Modelling of
               Software-Intensive Systems, Universit{\"a}t Duisburg-Essen,
               Germany, January 16-18, 2008, Proceedings},
  booktitle = {VaMoS},
  series    = {ICB Research Report},
  year      = {2008},
  bibsource = {DBLP, http://dblp.uni-trier.de}
}




@inproceedings{LGL07,
	Author = {Miguel A. Laguna and Bruno Gonz\'{a}lez-Baixauli and Oscar L\'{o}pez},
	Booktitle = {Proceedings of Conferencia Latinoamericana de Inform\'{a}tica (CLEI'07)},
	Title = {Gesti\'{o}n de la Variabilidad en L\'{i}neas de Productos},
	Year = {2007},
}

%  crossref  = {DBLP:conf/jisbd/2007},
@inproceedings{LGL07bis,
  author    = {Miguel A. Laguna and
               Bruno Gonz{\'a}lez-Baixauli},
  title     = {Variabilidad, Trazabilidad y L\'{\i}neas de Productos:
               una Propuesta basada en UML y Clases Parciales},
  booktitle = {JISBD},
  year      = {2007},
  pages     = {157-166},
  ee        = {http://www.sistedes.es/sistedes/pdf/2007/JISBD-07-laguna-variabilidad.pdf},
  bibsource = {DBLP, http://dblp.uni-trier.de}
}

@proceedings{DBLP:conf/jisbd/2007,
  editor    = {Xavier Franch},
  title     = {XII Jornadas de Ingenier\'{\i}a del Software y Bases de
               Datos (JISBD 2007), Zaragoza, Spain, September 11-14, 2007.
               Actas},
  booktitle = {JISBD},
  publisher = {Thomson Editorial},
  year      = {2007},
  isbn      = {978-84-9732-595-0},
  bibsource = {DBLP, http://dblp.uni-trier.de}
}

%  crossref  = {DBLP:conf/wer/2008},
@inproceedings{LGL07bisbis,
  author    = {Miguel A. Laguna and
               Bruno Gonz{\'a}lez-Baixauli},
  title     = {Product Line Requirements: Multi-Paradigm Variability Models},
  booktitle = {WER},
  year      = {2008},
  ee        = {http://wer.inf.puc-rio.br/WERpapers/artigos/artigos\_WER08/laguna.pdf},
  bibsource = {DBLP, http://dblp.uni-trier.de}
}

@proceedings{DBLP:conf/wer/2008,
  editor    = {Carme Quer and
               Juan Pablo Carvallo and
               Lyrene Fernandes da Silva},
  title     = {Anais do WER08 - Workshop em Engenharia de Requisitos, Barcelona,
               Catalonia, Spain, September 12-13, 2008},
  booktitle = {WER},
  year      = {2008},
  isbn      = {978-84-7653-144-0},
  bibsource = {DBLP, http://dblp.uni-trier.de}
}

@article{LGL07bisbisbis,
  author    = {Miguel A. Laguna and
               Jos{\'e} M. Marqu{\'e}s},
  title     = {UML Support for Designing Software Product Lines: The Package
               Merge Mechanism},
  journal   = {J. UCS},
  volume    = {16},
  number    = {17},
  year      = {2010},
  pages     = {2313-2332},
  ee        = {http://www.jucs.org/jucs\_16\_17/uml\_support\_for\_designing},
  bibsource = {DBLP, http://dblp.uni-trier.de}
}

%  crossref  = {DBLP:conf/models/2006},
@inproceedings{ZDD06,
  author    = {Alanna Zito and
               Zinovy Diskin and
               J{\'u}rgen Dingel},
  title     = {Package Merge in UML 2: Practice vs. Theory?},
  booktitle = {MoDELS},
  year      = {2006},
  pages     = {185-199},
  ee        = {http://dx.doi.org/10.1007/11880240\_14},
  bibsource = {DBLP, http://dblp.uni-trier.de}
}

@proceedings{DBLP:conf/models/2006,
  editor    = {Oscar Nierstrasz and
               Jon Whittle and
               David Harel and
               Gianna Reggio},
  title     = {Model Driven Engineering Languages and Systems, 9th International
               Conference, MoDELS 2006, Genova, Italy, October 1-6, 2006,
               Proceedings},
  booktitle = {MoDELS},
  publisher = {Springer},
  series    = {Lecture Notes in Computer Science},
  volume    = {4199},
  year      = {2006},
  isbn      = {3-540-45772-0},
  bibsource = {DBLP, http://dblp.uni-trier.de}
}

@inproceedings{Cla01,
    address = {Tampa, FL, USA},
    author = {Clauss, Matthias},
    booktitle = {Proceedings of OOPSLA Workshop on Domain-specific Visual Languages},
    citeulike-article-id = {3944308},
    keywords = {file-import-09-01-26},
    pages = {11--18},
    posted-at = {2009-01-26 02:25:52},
    priority = {2},
    title = {{Generic Modeling using UML extensions for variability}},
    year = {2001}
}

@inproceedings{ZHJ04,
    hal\_id = {hal-00795037},
    title = {Behaviors generation from product lines requirements},
    author = {Ziadi, Tewfik and H{\'e}lou{\'e}t, Lo{\'\i}c and J{\'e}z{\'e}quel, Jean-Marc},
    language = {Anglais},
    affiliation = {TRISKELL - INRIA - IRISA},
    booktitle = {{Proc. UML2004 workshop on Software Architecture Description}},
    address = {Lisbon, Portugal},
    audience = {internationale },
    year = {2004},
    pdf = {http://hal.inria.fr/hal-00795037/PDF/Ziadi04d.pdf},
}

@techreport{PV11,
    	title = {On UML Statecharts with Variabilities},
    	author = {Pedro Vilanova},
    	year = {2011},
    	institution = {Master's thesis, PEDECIBA Inform\'atica, Uruguay}
}

@article{TP11,
author = {Rasha Tawhid and Dorina C. Petriu},
title = {Product Model Derivation by Model Transformation in Software Product Lines},
journal ={2012 IEEE 15th International Symposium on Object/Component/Service-Oriented Real-Time Distributed Computing Workshops},
volume = {0},
isbn = {978-0-7695-4377-2},
year = {2011},
pages = {72-79},
doi = {http://doi.ieeecomputersociety.org/10.1109/ISORCW.2011.18},
publisher = {IEEE Computer Society},
address = {Los Alamitos, CA, USA},
}


@proceedings{DBLP:conf/sccc/2008,
  editor    = {M. Cecilia Bastarrica and
               Mauricio Solar},
  title     = {XXVII International Conference of the Chilean Computer Science
               Society (SCCC 2008), 10-14 November 2008, Punta Arenas,
               Chile},
  booktitle = {SCCC},
  publisher = {IEEE Computer Society},
  year      = {2008},
  isbn      = {978-0-7695-3403-9},
  bibsource = {DBLP, http://dblp.uni-trier.de}
}


@article{Benavides:2010:AAF:1786808.1787031,
 author = {Benavides, David and Segura, Sergio and Ruiz-Cort{\'e}s, Antonio},
 title = {Automated Analysis of Feature Models 20 Years Later: A Literature Review},
 journal = {Inf. Syst.},
 volume = {35},
 number = {6},
 year = {2010},
 issn = {0306-4379},
 pages = {615--636},
 numpages = {22},
 doi = {10.1016/j.is.2010.01.001},
 acmid = {1787031},
 publisher = {Elsevier Science Ltd.},
 address = {Oxford, UK, UK},
 keywords = {Automated analyses, Feature models, Literature review, Software product lines},
} 

@inproceedings{Chen:2009:VMS:1753235.1753247,
 author = {Chen, Lianping and Ali Babar, Muhammad and Ali, Nour},
 title = {Variability Management in Software Product Lines: A Systematic Review},
 booktitle = {Proceedings of the 13th International Software Product Line Conference},
 series = {SPLC '09},
 year = {2009},
 location = {San Francisco, California},
 pages = {81--90},
 numpages = {10},
 acmid = {1753247},
 publisher = {Carnegie Mellon University},
 address = {Pittsburgh, PA, USA},
 keywords = {software product lines, systematic reviews, variability management},
} 




@inproceedings{Beuche:2012:MBS:2364412.2364457,
 author = {Beuche, Danilo},
 title = {Modeling and Building Software Product Lines with Pure::Variants},
 booktitle = {Proceedings of the 16th International Software Product Line Conference - Volume 2},
 series = {SPLC '12},
 year = {2012},
 isbn = {978-1-4503-1095-6},
 location = {Salvador, Brazil},
 pages = {255--255},
 numpages = {1},
 doi = {10.1145/2364412.2364457},
 acmid = {2364457},
 publisher = {ACM},
 address = {New York, NY, USA},
 keywords = {feature modelling, software product lines, tools},
} 

@inproceedings{Czarnecki:2005:MSP:1094855.1094896,
 author = {Czarnecki, Krzysztof and Antkiewicz, Michal and Kim, Chang Hwan Peter and Lau, Sean and Pietroszek, Krzysztof},
 title = {Model-driven Software Product Lines},
 booktitle = {Companion to the 20th Annual ACM SIGPLAN Conference on Object-oriented Programming, Systems, Languages, and Applications},
 series = {OOPSLA '05},
 year = {2005},
 isbn = {1-59593-193-7},
 location = {San Diego, CA, USA},
 pages = {126--127},
 numpages = {2},
 doi = {10.1145/1094855.1094896},
 acmid = {1094896},
 publisher = {ACM},
 address = {New York, NY, USA},
 keywords = {domain analysis, feature modeling, model-driven software development, product configuration, software reuse, software-product lines, variability modeling and management},
} 

@article{Frakes:2005:SRR:1083823.1083997,
 author = {Frakes, William B. and Kang, Kyo},
 title = {Software Reuse Research: Status and Future},
 journal = {IEEE Trans. Softw. Eng.},
 volume = {31},
 number = {7},
 year = {2005},
 issn = {0098-5589},
 pages = {529--536},
 numpages = {8},
 doi = {10.1109/TSE.2005.85},
 acmid = {1083997},
 publisher = {IEEE Press},
 address = {Piscataway, NJ, USA},
 keywords = {Index Terms- Software reuse, Index Terms- Software reuse, domain engineering, research, metrics, architectures, generators, finance., architectures, domain engineering, finance., generators, metrics, research},
} 

@incollection{Heidenreich:2010:RFM:1986548.1986551,
 author = {Heidenreich, Florian and S\'{a}nchez, Pablo and Santos, Jo\~{a}o and Zschaler, Steffen and Alf{\'e}rez, Mauricio and Ara\'{u}jo, Jo\~{a}o and Fuentes, Lidia and Kulesza, Uir\'{a} and Moreira, Ana and Rashid, Awais},
 chapter = {Relating Feature Models to Other Models of a Software Product Line: A Comparative Study of Featuremapper and VML},
 title = {Transactions on Aspect-oriented Software Development VII},
 editor = {Katz, Shmuel and Mezini, Mira},
 year = {2010},
 isbn = {3-642-16085-9, 978-3-642-16085-1},
 pages = {69--114},
 numpages = {46},
 acmid = {1986551},
 publisher = {Springer-Verlag},
 address = {Berlin, Heidelberg},
} 

@inproceedings{Bosch:2004:SVM:998675.999486,
 author = {Bosch, Jan},
 title = {Software Variability Management},
 booktitle = {Proceedings of the 26th International Conference on Software Engineering},
 series = {ICSE '04},
 year = {2004},
 isbn = {0-7695-2163-0},
 pages = {720--721},
 numpages = {2},
 acmid = {999486},
 publisher = {IEEE Computer Society},
 address = {Washington, DC, USA},
 keywords = {software variability, variability management, software customization, adaptation and configuration, software product families},
} 

%  crossref = {conf/se/2009},
@inproceedings{conf/se/BotterweckLT09,
  added-at = {2011-05-31T00:00:00.000+0200},
  author = {Botterweck, Goetz and Lee, Kwanwoo and Thiel, Steffen},
  biburl = {http://www.bibsonomy.org/bibtex/2dedab4ebdc47f9c32782447c7ade375e/dblp},
  booktitle = {Software Engineering},
  editor = {Liggesmeyer, Peter and Engels, Gregor and Münch, Jürgen and Dörr, Jörg and Riegel, Norman},
  ee = {http://subs.emis.de/LNI/Proceedings/Proceedings143/article2394.html},
  interhash = {f25a50ad44e36cd005b72e472db2badd},
  intrahash = {dedab4ebdc47f9c32782447c7ade375e},
  isbn = {978-3-88579-237-6},
  keywords = {dblp},
  pages = {177-182},
  publisher = {GI},
  series = {LNI},
  timestamp = {2011-05-31T00:00:00.000+0200},
  title = {Automating Product Derivation in Software Product Line Engineering},
  volume = 143,
  year = 2009
}

@INPROCEEDINGS{Schaefer09amodel_based,
    author = {Ina Schaefer and Er Worret and Arnd Poetzsch-heffter and Tu Kaiserslautern},
    title = {A model-based framework for automated product derivation},
    booktitle = {Model-driven Approaches in Software Product Line Engineering},
    year = {2009}
}

@inproceedings{Schmid:2011:CDM:1944892.1944907,
 author = {Schmid, Klaus and Rabiser, Rick and Gr\'{u}nbacher, Paul},
 title = {A Comparison of Decision Modeling Approaches in Product Lines},
 booktitle = {Proceedings of the 5th Workshop on Variability Modeling of Software-Intensive Systems},
 series = {VaMoS '11},
 year = {2011},
 isbn = {978-1-4503-0570-9},
 location = {Namur, Belgium},
 pages = {119--126},
 numpages = {8},
 doi = {10.1145/1944892.1944907},
 acmid = {1944907},
 publisher = {ACM},
 address = {New York, NY, USA},
 keywords = {comparison, decision models, product lines, survey, variability modeling},
} 



@Article{Fernandes:jucs,
  author =     {Paula Fernandes and Cláudia Werner and Eldânae Teixeira},
  title =      {An Approach for Feature Modeling of Context-Aware Software Product Line},
  journal =    {Journal of Universal Computer Science},
  year =       {2011},
  volume =     {17},
  number =     "5",
  pages =      {807--829},
  date =       {2011-03-01},
}

@inproceedings{Passos:2013:FSE:2430502.2430526,
 author = {Passos, Leonardo and Czarnecki, Krzysztof and Apel, Sven and W\'{a}sowski, Andrzej and K\'{a}stner, Christian and Guo, Jianmei},
 title = {Feature-oriented Software Evolution},
 booktitle = {Proceedings of the Seventh International Workshop on Variability Modelling of Software-intensive Systems},
 series = {VaMoS '13},
 year = {2013},
 isbn = {978-1-4503-1541-8},
 location = {Pisa, Italy},
 pages = {17:1--17:8},
 articleno = {17},
 numpages = {8},
 doi = {10.1145/2430502.2430526},
 acmid = {2430526},
 publisher = {ACM},
 address = {New York, NY, USA},
 keywords = {analysis, feature-oriented development, recommendation, software evolution, traceability},
} 

%  crossref = {conf/splc/2010},
@inproceedings{conf/splc/ChenB10,
  added-at = {2010-09-28T00:00:00.000+0200},
  author = {Chen, Lianping and Babar, Muhammad Ali},
  biburl = {http://www.bibsonomy.org/bibtex/2e2d4dc2f77efe1507410e3a969851496/dblp},
  booktitle = {SPLC},
  editor = {Bosch, Jan and Lee, Jaejoon},
  ee = {http://dx.doi.org/10.1007/978-3-642-15579-6\_12},
  interhash = {e7546ec7549e2df044a8322fb7fb946c},
  intrahash = {e2d4dc2f77efe1507410e3a969851496},
  isbn = {978-3-642-15578-9},
  keywords = {dblp},
  pages = {166-180},
  publisher = {Springer},
  series = {Lecture Notes in Computer Science},
  timestamp = {2010-09-28T00:00:00.000+0200},
  title = {Variability Management in Software Product Lines: An Investigation of Contemporary Industrial Challenges.},
  volume = 6287,
  year = 2010
}



%MIOS:
%  crossref = {journals/corr/abs-1001-4573},
@inproceedings{AG10,
  added-at = {2010-11-23T00:00:00.000+0100},
  author = {Gonzalez, Ariel and Luna, Carlos},
  biburl = {http://www.bibsonomy.org/bibtex/2e81205c7a2e02c0b597d811cd36bc275/dblp},
  booktitle = {WRS},
  editor = {Fernández, Maribel},
  ee = {http://dx.doi.org/10.4204/EPTCS.15.4},
  interhash = {f41179b4ae77990566b3521fff8fff34},
  intrahash = {e81205c7a2e02c0b597d811cd36bc275},
  keywords = {dblp},
  pages = {44-55},
  series = {EPTCS},
  timestamp = {2010-11-23T00:00:00.000+0100},
  title = {Specification of Products and Product Lines},
  volume = 15,
  year = 2009
}

@inproceedings{CLEI11,
	Author = {Ariel Gonzalez and Carlos Luna and Fabio Zorzan},
	Booktitle = {Proceedings of Conferencia Latinoamericana en Inform\'{a}tica (CLEI'11)},
	Pages = {479-494},
	Title = {Transformaci\'{o}n de M\'{a}quinas de Estados con Varia\-bilidad usando el lenguaje QVT},
	Year = {2011}}

@inproceedings{CIBSE13,
	Author = {Ariel Gonzalez and Carlos Luna and Nora Szasz and Fabio Zorzan},
	Booktitle = {Proceedings of 16th Ibero-American Conference on Software Engineering (CIbSE'13)},
	Pages = {103-116},
	Title = {Automatizaci\'on del Proceso de Instanciaci\'on del Comportamiento de Productos de una L\'inea de Productos de Software},
	Year = {2013}}

@techreport{AGthesis,
    	title = {Especificaci\'on del Comportamiento de L\'ineas de Productos mediante Modelos de Funcionalidades y M\'aquinas de Estados con Variabilidades"},
    	author = {Ariel Gonzalez},
    	year = {2012},
    	institution = {Master's thesis, PEDECIBA Inform\'atica, Uruguay},
        url = {https://www.dropbox.com/s/229wrnrimybfr0b/tesisAGonzalez-Final.pdf}
}

%  crossref  = {DBLP:conf/sccc/2008},
@inproceedings{DBLP:conf/sccc/GonzalezL08,
  author    = {Ariel Gonzalez and
               Carlos Luna},
  title     = {Behavior Specification of Product Lines via Feature Models
               and UML Statecharts with Variabilities},
  booktitle = {SCCC},
  year      = {2008},
  pages     = {32-41},
  ee        = {http://dx.doi.org/10.1109/SCCC.2008.19},
  bibsource = {DBLP, http://dblp.uni-trier.de}
}


@inproceedings{france2007model,
  title={Model-driven development of complex software: A research roadmap},
  author={France, Robert and Rumpe, Bernhard},
  booktitle={2007 Future of Software Engineering},
  pages={37--54},
  year={2007},
  organization={IEEE Computer Society}
}

@book{beydeda2005model,
  title={Model-driven software development},
  author={Beydeda, Sami and Book, Matthias and Gruhn, Volker and others},
  volume={15},
  year={2005},
  publisher={Springer}
}

@book{wainer2010discrete,
  title={Discrete-Event Modeling and Simulation: Theory and Applications},
  author={Wainer, G.A. and Mosterman, P.J.},
  isbn={9781420072341},
  lccn={2010046251},
  series={Computational Analysis, Synthesis, and Design of Dynamic Systems},
  url={http://books.google.com.uy/books?id=WQvzk7ZnwHkC},
  year={2010},
  publisher={Taylor \& Francis}
}

@book{cirino2012devs,
  title={Devs},
  author={Cirino, Z.},
  isbn={9786200537294},
  url={http://books.google.com.uy/books?id=-BxCuAAACAAJ},
  year={2012},
  publisher={CIV}
}

@book{Wang:2012:HFS:2462874,
 author = {Wang, Jiacun},
 title = {Handbook of Finite State Based Models and Applications},
 year = {2012},
 isbn = {1439846189, 9781439846186},
 edition = {1st},
 publisher = {Chapman \& Hall/CRC},
} 

@book{russell2012ibm,
  title={Ibm Rational Rose Xde},
  author={Russell, J. and Cohn, R.},
  isbn={9785512093580},
  url={http://books.google.com.uy/books?id=vIecMQEACAAJ},
  year={2012},
  publisher={Book on Demand}
}

@book{russell2012scxml,
  title={Scxml},
  author={Russell, J. and Cohn, R.},
  isbn={9785511131481},
  url={http://books.google.com.uy/books?id=zXDGMgEACAAJ},
  year={2012},
  publisher={Book on Demand}
}

@inproceedings{XL2014,
  author    = {Ariel Gonzalez and
               Carlos Daniel Luna and
               Roque Cuello and
               Marcela Perez and
               Marcela Daniele},
  title     = {Metamodel-based transformation from {UML} state machines to {DEVS}
               models},
  booktitle = {{XL} Latin American Computing Conference, {CLEI} 2014, Montevideo,
               Uruguay, September 15-19, 2014},
  pages     = {1--12},
  year      = {2014},
  crossref  = {DBLP:conf/clei/2014},
  url       = {http://dx.doi.org/10.1109/CLEI.2014.6965145},
  doi       = {10.1109/CLEI.2014.6965145},
  timestamp = {Fri, 09 Jan 2015 10:08:07 +0100},
  biburl    = {http://dblp.uni-trier.de/rec/bib/conf/clei/GonzalezLCPD14},
  bibsource = {dblp computer science bibliography, http://dblp.org}
}

@proceedings{DBLP:conf/clei/2014,
  title     = {{XL} Latin American Computing Conference, {CLEI} 2014, Montevideo,
               Uruguay, September 15-19, 2014},
  publisher = {{IEEE}},
  year      = {2014},
  url       = {http://ieeexplore.ieee.org/xpl/mostRecentIssue.jsp?punumber=6939950},
  timestamp = {Fri, 09 Jan 2015 09:39:55 +0100},
  biburl    = {http://dblp.uni-trier.de/rec/bib/conf/clei/2014},
  bibsource = {dblp computer science bibliography, http://dblp.org}
}


@book{bcnn2000,
  author = {Banks, Jerry and Carson, John S. and Nelson, Barry L. and Nicol, David M.},
  edition = {5st},
  isbn = {0-13-606212-1},
  keywords = {discrete event foundation simulation system},
  publisher = {Prentice Hall},
  timestamp = {2010-05-03T14:32:48.000+0200},
  title = {Discrete-Event System Simulation (5rd Edition)},
  year = 2010
}


@book{Dijkstra:1997:DP:550359,
 author = {Dijkstra, Edsger Wybe},
 title = {A  Discipline of Programming},
 year = {1997},
 isbn = {013215871X},
 edition = {1st},
 publisher = {Prentice Hall PTR},
 address = {Upper Saddle River, NJ, USA},
} 

@book{Aceto:2007:RSM:1324845,
 author = {Aceto, Luca and Ing\'{o}lfsd\'{o}ttir, Anna and Larsen, Kim Guldstrand and Srba, Jiri},
 title = {Reactive Systems: Modelling, Specification and Verification},
 year = {2007},
 isbn = {0521875463},
 publisher = {Cambridge University Press},
 address = {New York, NY, USA},
} 


@article{pons_08_lightweight,
  added-at = {2009-02-11T20:43:17.000+0100},
  author = {Pons, C. and Garcia, D.},
  biburl = {http://www.bibsonomy.org/bibtex/27ec205e82b0a07e0648fcd3b75750801/leonardo},
  citeulike-article-id = {3775580},
  doi = {10.1016/j.entcs.2008.11.005},
  issn = {15710661},
  journal = {Electronic Notes in Theoretical Computer Science},
  keywords = {2008 _hardcopy refinement validation alloy _folder_1},
  month = {December},
  number = 1,
  pages = {43--61},
  posted-at = {2008-12-11 19:56:06},
  priority = {5},
  timestamp = {2009-02-11T20:43:17.000+0100},
  title = {A Lightweight Approach for the Semantic Validation of Model Refinements},
  url = {http://dx.doi.org/10.1016/j.entcs.2008.11.005},
  volume = 220,
  year = 2008
}

@inproceedings{LBM06,
  added-at = {2006-12-07T00:00:00.000+0100},
  author = {Mottu, Jean-Marie and Baudry, Benoit and Traon, Yves Le},
  biburl = {http://www.bibsonomy.org/bibtex/25337babdd5ba5983897fc51c3777ba3b/dblp},
  booktitle = {MoDELS},
  date = {2006-12-07},
  description = {dblp},
  editor = {Nierstrasz, Oscar and Whittle, Jon and Harel, David and Reggio, Gianna},
  ee = {http://dx.doi.org/10.1007/11880240_41},
  isbn = {3-540-45772-0},
  keywords = {dblp},
  pages = {589-603},
  publisher = {Springer},
  series = {Lecture Notes in Computer Science},
  timestamp = {2006-12-07T00:00:00.000+0100},
  title = {Reusable MDA Components: A Testing-for-Trust Approach.},
  url = {http://dblp.uni-trier.de/db/conf/models/models2006.html#MottuBT06},
  volume = 4199,
  year = 2006
}

@article{Kuster06,
  added-at = {2008-03-13T00:00:00.000+0100},
  author = {Küster, Jochen Malte},
  biburl = {http://www.bibsonomy.org/bibtex/285179967c6e94a8c1f894bb4c12ff4be/dblp},
  date = {2008-03-13},
  description = {dblp},
  ee = {http://dx.doi.org/10.1007/s10270-006-0018-8},
  interhash = {6c7077a31d25668ccdd23aeb657fa7c9},
  intrahash = {85179967c6e94a8c1f894bb4c12ff4be},
  journal = {Software and System Modeling},
  keywords = {dblp},
  number = 3,
  pages = {233-259},
  timestamp = {2008-03-14T11:41:09.000+0100},
  title = {Definition and validation of model transformations.},
  url = {http://dblp.uni-trier.de/db/journals/sosym/sosym5.html#Kuster06},
  volume = 5,
  year = 2006
}


@article{WangBL14,
  author    = {Xiaoliang Wang and
               Fabian B{\"{u}}ttner and
               Yngve Lamo},
  title     = {Verification of Graph-based Model Transformations Using Alloy},
  journal   = {{ECEASST}},
  volume    = {67},
  pages = {113-129},
  year      = {2014},
  url       = {http://journal.ub.tu-berlin.de/eceasst/article/view/943},
  timestamp = {Wed, 10 Sep 2014 19:38:33 +0200},
  biburl    = {http://dblp.uni-trier.de/rec/bib/journals/eceasst/WangBL14},
  bibsource = {dblp computer science bibliography, http://dblp.org}
}

@article{SaadawiW13,
  added-at = {2013-02-28T00:00:00.000+0100},
  author = {Saadawi, Hesham and Wainer, Gabriel A.},
  biburl = {http://www.bibsonomy.org/bibtex/21f97a9446d67753570215a1d02ca7c6c/dblp},
  ee = {http://dx.doi.org/10.1177/0037549711424424},
  interhash = {fe9a6461fccec8616594ce2ab7f37fbb},
  intrahash = {1f97a9446d67753570215a1d02ca7c6c},
  journal = {Simulation},
  keywords = {dblp},
  number = 1,
  pages = {41-67},
  timestamp = {2013-08-13T12:56:20.000+0200},
  title = {Principles of Discrete Event System Specification model verification.},
  url = {http://dblp.uni-trier.de/db/journals/simulation/simulation89.html#SaadawiW13},
  volume = 89,
  year = 2013
}

@article{Lano14,
 author = {Lano, K. and Kolahdouz-Rahimi, S. and Poernomo, I. and Terrell, J. and Zschaler, S.},
 title = {Correct-by-construction Synthesis of Model Transformations Using Transformation Patterns},
 journal = {Softw. Syst. Model.},
 issue_date = {May       2014},
 volume = {13},
 number = {2},
 month = may,
 year = {2014},
 issn = {1619-1366},
 pages = {873--907},
 numpages = {35},
 url = {http://dx.doi.org/10.1007/s10270-012-0291-7},
 doi = {10.1007/s10270-012-0291-7},
 acmid = {2617340},
 publisher = {Springer-Verlag New York, Inc.},
 address = {Secaucus, NJ, USA},
 keywords = {Model transformation, Model-driven development, Patterns, Verification},
} 

@article{RB14,
  author    = {Roser, Stephan and Bauer, Bernhard},
  title     = {Automatic Generation and Evolution of Model Transformations Using Ontology Engineering Space},
  journal   = {Journal on Data Semantics XI},
  volume    = {5383},
  year      = {2014},
  pages     = {32-64},
  isbn ={978-3-540-92147-9}
}

@inproceedings{Sargent14,
  author    = {Robert G. Sargent},
  title     = {Verifying and validating simulation models},
  booktitle = {Proceedings of the 2014 Winter Simulation Conference, Savannah, GA, USA, December 7-10, 2014},
  pages     = {118--131},
  year      = {2014},
  crossref  = {DBLP:conf/wsc/2014},
  url       = {http://dx.doi.org/10.1109/WSC.2014.7019883},
  doi       = {10.1109/WSC.2014.7019883},
  timestamp = {Mon, 02 Mar 2015 16:46:37 +0100},
  biburl    = {http://dblp.uni-trier.de/rec/bib/conf/wsc/Sargent14},
  bibsource = {dblp computer science bibliography, http://dblp.org}
}

@inproceedings{Pasqua2012,
  TITLE = {From sequence diagrams UML 2.x to FD-DEVS by model transformation},
  AUTHOR = {Pasqua, Roberto and Foures, Damien and Vincent, Albert and Nketsa, Alexandre},
  URL = {https://hal.archives-ouvertes.fr/hal-00781084},
  BOOKTITLE = {{European Simulation and Modelling Conference}},
  ADDRESS = {Essen, Germany},
  PAGES = {37-43 N{\textdegree} 12481},
  YEAR = {2012},
  MONTH = Oct,
  KEYWORDS = {Transformation ; ATL ; meta-model ; model transformation ; Petri net ; R{\'e}seau de Petri ; Devs ; FD-DEVS ; Sequence Diagram ; Diagramme de Sequence},
  PDF = {https://hal.archives-ouvertes.fr/hal-00781084/file/paper_transfo_sequence2devs.pdf},
  HAL_ID = {hal-00781084},
  HAL_VERSION = {v1},
}


@inproceedings{HuHCC14,
  author    = {Jianpeng Hu and
               Linpeng Huang and
               Bei Cao and
               Xuling Chang},
  title     = {Extended {DEVSML} as a Model Transformation Intermediary to Make {UML}  Diagrams Executable},
  booktitle = {The 26th International Conference on Software Engineering and Knowledge
               Engineering, Hyatt Regency, Vancouver, BC, Canada, July 1-3, 2013.},
  pages     = {314--317},
  year      = {2014},
  crossref  = {DBLP:conf/seke/2014},
  timestamp = {Mon, 19 Jan 2015 17:09:47 +0100},
  biburl    = {http://dblp.uni-trier.de/rec/bib/conf/seke/HuHCC14},
  bibsource = {dblp computer science bibliography, http://dblp.org}
}
