@thesis{1,
	author = {Martelloto Paola},
	title = {Definición de Reglas de Transformación de Grafos y QoS para la Interfaz entre Aplicaciones Externas a un Workflow con WS's},
	type = {Tesis de postgrado de la Maestría en Ingeniería de Software},
	institution = {Universidad Nacional de San Luis},
	date = {2010},
	location = {San Luis},
	note = {Tesis de maestría Universidad de San Luis, 2010}
}

@thesis{GG-WSfinder,
	author = {Garat M. Gil P.M},
	title = {Un Web Service que automatiza la invocación de aplicaciones externas a un Workflow optimizando la selección de las mismas en base a característica de calidad},
	type = {Tesis de grado de la Licenciatura en Ciencias de la Computación Departamento de Computación},
	institution = {Facultad de Ciencias Exactas, Físico-Químicas y Naturales. Universidad Nacional de Río Cuarto},
	date = {2010},
	location = {Río Cuarto},
	note = {Tesis de grado de la Licenciatura en Ciencias de la Computación, Universidad Nacional de Río Cuarto, 2010}
}

@Manual{JUDDI-Console,
	organization = {Apache},
	title = {JUDDI. Versión 3.3.2},
	url = {},
	year = {último acceso Enero 2016}
}

@Manual{UDDI,
	organization = {OASIS},
	title = {Universal Description, Discovery and Integration of WebServices–UDDI. Versión 3.0.2},
	note = {último acceso Abril 2016.},
	url = {http://uddi.org/pubs/uddi_v3.htm}
}


@book{QoS-WS-invoked,
	author = {Marcela Daniele, Paola Martelotto, Daniel Riesco, German Montejano, Narayan Debnath},
	title = {Chapter: "Defining and using metrics to evaluate the QoS of Web Services invoked from a Workflow engine" Book: “Engineering High Quality Software: Correctness, Testing, and Verification”},
	year = {2011},
	note = {Editors: Dr. Mark Burgin (UCLA, USA) and Dr. Narayan Debnath (Winona State University, USA) (Editores), IRM Press. Idea Group Inc. (IGI).},
}

@book{Sumathi-Niranjan-2014,
	author = {Sumathi-Niranjan},
	title = {Dynamic search and selection of WS's},
	year = {2014},
	location = {NMAM Institute of Technology, Karkala, Udupi, India}
}

@Manual{HTTP,
	organization = {IETF},
	title = {Hypertext Transfer Protocol - HTTP/1.1},
	url = {http://www.ietf.org/rfc/rfc2616.txt},
	year = { último acceso Abril 2016}
}

@Manual{SOAP,
	organization = {World Wide Web Consortium},
	title = {SOAP Version 1.2 Part 1: Messaging Framework},
	url = {http://www.w3.org/TR/soap12-part1/},
	year = {último acceso Abril 2016}
}

@Manual{WSA,
	organization = {World Wide Web Consortium},
	title = {WS's Architecture},
	url = {http://www.w3.org/TR/ws-arch/},
	year = {último acceso Abril 2016}
}

@Manual{WSDL1.1,
	organization = {World Wide Web Consortium},
	title = {WS's Description Language(WSDL) Version 1.1},
	url = {http://www.w3.org/TR/wsdl},
	year = {último acceso Abril 2016}
}


@Manual{WSDL2.0-0,
	organization = {World Wide Web Consortium},
	title = {WS's Description Language(WSDL) Version 2.0 Part 0: Primer},
	url = {http://www.w3.org/TR/wsdl20-primer},
	year = {último acceso Abril 2016}
}

@Manual{WSDL2.0-1,
	organization = {World Wide Web Consortium},
	title = {WS's Description Language(WSDL) Version 2.0 Part 1: Core Language},
	url = {http://www.w3.org/TR/wsdl20},
	year = {último acceso Abril 2016}
}


@Manual{WSDL2.0-2,
	organization = {World Wide Web Consortium},
	title = {WS's Description Language (WSDL) Version 2.0 Part 2: Adjuncts},
	url = {http://www.w3.org/TR/wsdl20-adjuncts/},
	year = {último acceso Abril 2016}
}

@Manual{XML,
	organization = {World Wide Web Consortium},
	title = {Extensible Markup Language (XML)1.0(Fifth Edition)},
	url = {http://www.w3.org/TR/xml},
	year = {último acceso Abril 2016}
}

@Manual{QVT,
	organization = {Object Managment Group},
	title = {Meta Object Facility (MOF) 2.0 Query/View/Transformation Specification},
	url = {http://www.omg.org/spec/QVT/1.2/PDF/},
	year = {último acceso Abril 2016}
}

@Manual{WfMC09,
	organization = {Workflow Management Coalition},
	title = {A Common Object Model Discussion Paper. WfMC Document WfMC-TC10-22},
	url = {http://www.wfmc.org/docs/TC-1022_commom_Object%20Model_Paper.pdf},
	year = {último acceso Abril 2016}
}

@Manual{WfMCa,
	organization = {Workflow Management Coalition},
	title = {The Workflow Reference Model. WfMC-TC00-1003},
	url = {http://www.wfmc.org/docs/tc003v11.pdf},
	year = {último acceso Abril 2016}
}

@Manual{WfMCb,
	organization = {Workflow Management Coalition},
	title = {Programming Interface 2 and 3 Specification WfMC-TC-1009. V2.0},
	url = {http://www.wfmc.org/docs/interface2-3.pdf},
	year = {último acceso Abril 2016}
}

@Manual{W3C03-QoS,
	organization = {W3C Working Group},
	title = {QoS for Web Services: Requirements and Possible Approaches},
	url = {http://www.w3c.or.kr/kr-office/TR/2003/ws-qos},
	year = {último acceso Abril 2016}
}

@Manual{ZTP05,
	organization = {Zimmermann, O., Tomlinson, M., Peuser, S.},
	title = {Perspectives on Web Services. Applying SOAP, WSDL and UDDI to Real-World Projects},
	year = {2015}
}

@Manual{3,
	organization = {S. J. Mellor, A. N. Clark, and T. Futagami},
	title = {“Guest editors' introduction: Model- driven development,” IEEE Software, vol. 20},
	year = {2003}
}


@Manual{5,
	organization = {J. Miller and J. Mukerji},
	title = {“Mda guide version 1.0.1,” Object Management Group (OMG)},
	year = {2003}
}

@book{MVC,
	author = {Erich Gamma, Richard Helm, Ralph Johnson, John M. Vlissides},
	title = {Design Patterns: Elements of Reusable Object-Oriented Software},
	year = {1994}
}




